<record><leader>00000cas a22000007a 4500</leader><controlfield tag="001">21544095</controlfield><controlfield tag="008">900516c19029999gaucr ne      0   a0eng d</controlfield><datafield ind1=" " ind2=" " tag="010"><subfield code="a">sn 90052250 </subfield></datafield><datafield ind1=" " ind2=" " tag="040"><subfield code="a">NLG</subfield><subfield code="b">eng</subfield><subfield code="c">NLG</subfield><subfield code="d">NSD</subfield><subfield code="d">GUA</subfield><subfield code="d">OCLCQ</subfield><subfield code="d">OCLCF</subfield><subfield code="d">OCLCO</subfield></datafield><datafield ind1=" " ind2=" " tag="012"><subfield code="m">1</subfield></datafield><datafield ind1="1" ind2=" " tag="022"><subfield code="a">1060-3646</subfield><subfield code="l">1060-3646</subfield><subfield code="2">1</subfield></datafield><datafield ind1="1" ind2=" " tag="029"><subfield code="a">AU@</subfield><subfield code="b">000041034055</subfield></datafield><datafield ind1=" " ind2=" " tag="032"><subfield code="a">424860</subfield><subfield code="b">USPS</subfield></datafield><datafield ind1=" " ind2=" " tag="037"><subfield code="b">The Pelham Journal, 310 W. Railroad St., Pelham, GA 31779</subfield></datafield><datafield ind1=" " ind2=" " tag="042"><subfield code="a">msc</subfield><subfield code="a">nsdp</subfield></datafield><datafield ind1=" " ind2=" " tag="043"><subfield code="a">n-us-ga</subfield></datafield><datafield ind1=" " ind2="4" tag="222"><subfield code="a">The Pelham journal</subfield></datafield><datafield ind1="0" ind2="4" tag="245"><subfield code="a">The Pelham journal.</subfield></datafield><datafield ind1="3" ind2="0" tag="246"><subfield code="a">Pelham semi-weekly journal</subfield></datafield><datafield ind1="1" ind2="3" tag="246"><subfield code="a">Home lance</subfield></datafield><datafield ind1=" " ind2=" " tag="260"><subfield code="a">Pelham, Ga. :</subfield><subfield code="b">Pelham Journal Pub. Co.,</subfield><subfield code="c">1902-</subfield></datafield><datafield ind1=" " ind2=" " tag="300"><subfield code="a">v.</subfield></datafield><datafield ind1=" " ind2=" " tag="310"><subfield code="a">Semiweekly,</subfield><subfield code="b">&lt;Nov. 15, 1991-&gt;</subfield></datafield><datafield ind1=" " ind2=" " tag="321"><subfield code="a">Frequency varies,</subfield><subfield code="b">1902-</subfield></datafield><datafield ind1="0" ind2=" " tag="362"><subfield code="a">Vol. 1, no. 1 (Oct. 10, 1902)-</subfield></datafield><datafield ind1=" " ind2=" " tag="500"><subfield code="a">Published: Mitchell Newspapers, Inc., &lt;Nov. 15, 1991-&gt;</subfield></datafield><datafield ind1=" " ind2=" " tag="500"><subfield code="a">Published as: Pelham semi-weekly journal, Aug. 4-7, 1936.</subfield></datafield><datafield ind1=" " ind2=" " tag="530"><subfield code="a">Also on microfilm: Athens, Ga. : University of Georgia Libraries.</subfield></datafield><datafield ind1=" " ind2=" " tag="580"><subfield code="a">Formed by the union of: South Georgia home, and: Free lance.</subfield></datafield><datafield ind1=" " ind2=" " tag="588"><subfield code="a">Latest issue consulted: 89th yr., no. 53 (Friday, Nov. 15, 1991).</subfield></datafield><datafield ind1=" " ind2="0" tag="651"><subfield code="a">Pelham (Ga.)</subfield><subfield code="v">Newspapers.</subfield></datafield><datafield ind1=" " ind2="0" tag="651"><subfield code="a">Mitchell County (Ga.)</subfield><subfield code="v">Newspapers.</subfield></datafield><datafield ind1=" " ind2="7" tag="655"><subfield code="a">Newspapers.</subfield><subfield code="2">fast</subfield><subfield code="0">(OCoLC)fst01423814</subfield></datafield><datafield ind1=" " ind2="7" tag="651"><subfield code="a">Georgia</subfield><subfield code="z">Mitchell County.</subfield><subfield code="2">fast</subfield><subfield code="0">(OCoLC)fst01216832</subfield></datafield><datafield ind1=" " ind2="7" tag="651"><subfield code="a">Georgia</subfield><subfield code="z">Pelham.</subfield><subfield code="2">fast</subfield><subfield code="0">(OCoLC)fst01217254</subfield></datafield><datafield ind1=" " ind2=" " tag="752"><subfield code="a">United States</subfield><subfield code="b">Georgia</subfield><subfield code="c">Mitchell</subfield><subfield code="d">Pelham.</subfield></datafield><datafield ind1="1" ind2="4" tag="780"><subfield code="t">South Georgia home</subfield><subfield code="w">(DLC)sn 90052248</subfield><subfield code="w">(OCoLC)21735796</subfield></datafield><datafield ind1="1" ind2="4" tag="780"><subfield code="t">Free lance</subfield></datafield></record>